@article{UTD-MHAD,
author = {Chen, Chen},
year = {2015},
month = {09},
pages = {},
title = {UTD-MHAD: A Multimodal Dataset for Human Action Recognition Utilizing a Depth Camera and a Wearable Inertial Sensor},
doi = {10.1109/ICIP.2015.7350781}
}
@inproceedings{inproceedings,
author = {Wang, Zhiguang and Oates, Tim},
year = {2015},
month = {01},
pages = {},
title = {Encoding Time Series as Images for Visual Inspection and Classification Using Tiled Convolutional Neural Networks}
}
@misc{liu2016encoding,
    title={Encoding Temporal Markov Dynamics in Graph for Visualizing and Mining Time Series},
    author={Lu Liu and Zhiguang Wang},
    year={2016},
    eprint={1610.07273},
    archivePrefix={arXiv},
    primaryClass={cs.LG}
}
@misc{hatami2017classification,
    title={Classification of Time-Series Images Using Deep Convolutional Neural Networks},
    author={Nima Hatami and Yann Gavet and Johan Debayle},
    year={2017},
    eprint={1710.00886},
    archivePrefix={arXiv},
    primaryClass={cs.CV}
}
@misc{huang2016densely,
    title={Densely Connected Convolutional Networks},
    author={Gao Huang and Zhuang Liu and Laurens van der Maaten and Kilian Q. Weinberger},
    year={2016},
    eprint={1608.06993},
    archivePrefix={arXiv},
    primaryClass={cs.CV}
}
@misc{johann_faouzi_2019_2561773,
  author       = {Johann Faouzi and
                  Tobias Carryer and
                  Ken Keong LEE and
                  Roman Yurchak and
                  AvisP},
  title        = {johannfaouzi/pyts: Release of 0.7.3 version},
  month        = feb,
  year         = 2019,
  doi          = {10.5281/zenodo.2561773},
  url          = {https://doi.org/10.5281/zenodo.2561773}
}
@misc{howard2018fastai,
  title={fastai},
  author={Howard, Jeremy and others},
  year={2019},
  publisher={GitHub},
  howpublished={\url{https://github.com/fastai/fastai}},
}